@inproceedings{Villamizar2015,
   author = {Mario Villamizar and Oscar Garces and Harold Castro and Mauricio Verano and Lorena Salamanca and Rubby Casallas and Santiago Gil},
   doi = {10.1109/ColumbianCC.2015.7333476},
   isbn = {978-1-4673-9464-2},
   journal = {2015 10th Computing Colombian Conference (10CCC)},
   month = {9},
   pages = {583-590},
   publisher = {IEEE},
   title = {Evaluating the monolithic and the microservice architecture pattern to deploy web applications in the cloud},
   url = {http://ieeexplore.ieee.org/document/7333476/},
   year = {2015},
}
@inproceedings{Gos2020,
   author = {Konrad Gos and Wojciech Zabierowski},
   doi = {10.1109/MEMSTECH49584.2020.9109514},
   isbn = {978-1-7281-7179-1},
   journal = {2020 IEEE XVIth International Conference on the Perspective Technologies and Methods in MEMS Design (MEMSTECH)},
   month = {4},
   pages = {150-153},
   publisher = {IEEE},
   title = {The Comparison of Microservice and Monolithic Architecture},
   url = {https://ieeexplore.ieee.org/document/9109514/},
   year = {2020},
}
@inproceedings{Li2020,
   author = {Chia-Yu Li and Shang-Pin Ma and Tsung-Wen Lu},
   doi = {10.1109/ICS51289.2020.00107},
   isbn = {978-1-7281-9255-0},
   journal = {2020 International Computer Symposium (ICS)},
   month = {12},
   pages = {519-524},
   publisher = {IEEE},
   title = {Microservice Migration Using Strangler Fig Pattern: A Case Study on the Green Button System},
   url = {https://ieeexplore.ieee.org/document/9359092/},
   year = {2020},
}
@web_page{Grannon17,
   author = {Dennis Grannon and Roger Barga and Neel Sundaresan},
   journal = {IEEE Computer Society},
   title = {Cloud Native Applications},
   url = {https://ieeexplore.ieee.org/stamp/stamp.jsp?arnumber=8125550},
   year = {2017},
}
@web_page{Luber2022,
   author = {Stefan Dipl.-Ing (FH) Luber},
   journal = {Cloudcomputing Insider},
   title = {Was ist eine Cloud-Architektur?},
   url = {https://www.cloudcomputing-insider.de/was-ist-eine-cloud-architektur-a-4c579a96701f24896731cee02ad917a1/},
   year = {2022},
}
@web_page{Luber2019,
   author = {Stefan Dipl.-Ing (FH) Luber and Stefan Karlstetter},
   journal = {Cloudcomputing Insider},
   title = {Was ist Container as a Service (CaaS)?},
   url = {https://www.cloudcomputing-insider.de/was-ist-container-as-a-service-caas-a-852566/},
   year = {2019},
}
@web_page{t3n2021,
   author = {Moritz Stückler},
   title = {Was ist eigentlich Github?},
   url = {https://t3n.de/news/eigentlich-github-erklaerung-472886/},
   year = {2021},
}
@report{Armbrust2009,
   author = {Michael Armbrust and Armando Fox and Rean Griffith and Anthony D Joseph and Randy H Katz and Andrew Konwinski and Gunho Lee and David A Patterson and Ariel Rabkin},
   title = {Above the Clouds: A Berkeley View of Cloud Computing},
   url = {http://www.eecs.berkeley.edu/Pubs/TechRpts/2009/EECS-2009-28.html},
   year = {2009},
}
@article{Villamizar2017,
   author = {Mario Villamizar and Oscar Garcés and Lina Ochoa and Harold Castro and Lorena Salamanca and Mauricio Verano and Rubby Casallas and Santiago Gil and Carlos Valencia and Angee Zambrano and Mery Lang},
   doi = {10.1007/s11761-017-0208-y},
   issn = {18632394},
   issue = {2},
   journal = {Service Oriented Computing and Applications},
   keywords = {AWS Lambda,Amazon Web Services,Cloud computing,Microservice architecture,Microservices,Scalable applications,Serverless architectures,Service-oriented architectures,Software architecture,Software engineering},
   month = {6},
   pages = {233-247},
   publisher = {Springer London},
   title = {Cost comparison of running web applications in the cloud using monolithic, microservice, and AWS Lambda architectures},
   volume = {11},
   year = {2017},
}
@inproceedings{Adzic2017,
   author = {Gojko Adzic and Robert Chatley},
   doi = {10.1145/3106237.3117767},
   month = {8},
   pages = {884-889},
   publisher = {Association for Computing Machinery (ACM)},
   title = {Serverless computing: economic and architectural impact},
   year = {2017},
}
@book{Feathers2004,
   author = {Michael Feathers},
   editor = {Don O'Hagan and Paul Petralia},
   month = {9},
   publisher = {John Wait},
   title = {Working Effectively with Legacy Code},
   year = {2004},
}
@web_page{Spring,
   title = {Spring Framework},
   url = {https://spring.io/projects/spring-framework},
}
@web_page{Springboot,
   title = {Spring Boot},
   url = {https://spring.io/projects/spring-boot},
}
@report{Rosenberg2007,
   author = {Doug Rosenberg and Matt Stephens},
   isbn = {978-1-59059-774-3},
   title = {Use Case Driven Object Modeling with UML: Theory and Practice},
   url = {www.it-ebooks.info},
   year = {2007},
}
@web_page{AWS2019,
   author = {Amazon Web Services},
   journal = {YouTube},
   month = {7},
   title = {AWS New York Summit 2019: Migrating Monolithic Applications with the Strangler Pattern (YouTube)},
   year = {2019},
}
@report{Statista2022,
   title = {Cloud computing},
   url = {https://www.statista.com/study/15293/cloud-computing-statista-dossier/},
   year = {2022},
}
@book{Heinrich2011,
   author = {Lutz J. Heinrich and Armin Heinzl and René Riedl},
   city = {Berlin, Heidelberg},
   doi = {10.1007/978-3-642-15426-3},
   isbn = {978-3-642-15425-6},
   publisher = {Springer Berlin Heidelberg},
   title = {Wirtschaftsinformatik},
   url = {http://link.springer.com/10.1007/978-3-642-15426-3},
   year = {2011},
}
@web_page{Toroman2018,
   author = {Mustafa Toroman},
   title = {Hands-On Cloud Administration in Azure},
   url = {https://learning.oreilly.com/library/view/hands-on-cloud-administration/9781789134964/3bc0e642-9b8a-494c-b262-bc56a8c322ac.xhtml},
   year = {2018},
}
@inproceedings{Holmes2018,
   author = {Ta'id Holmes and Uwe Zdun},
   doi = {10.1145/3239372.3239379},
   isbn = {9781450349499},
   journal = {Proceedings - 21st ACM/IEEE International Conference on Model Driven Engineering Languages and Systems, MODELS 2018},
   month = {10},
   pages = {267-277},
   publisher = {Association for Computing Machinery, Inc},
   title = {Refactoring architecture models for compliance with custom requirements},
   year = {2018},
}
@book{Doering2016,
   author = {Nicola Döring and Jürgen Bortz},
   city = {Berlin, Heidelberg},
   doi = {10.1007/978-3-642-41089-5},
   isbn = {978-3-642-41088-8},
   publisher = {Springer Berlin Heidelberg},
   title = {Forschungsmethoden und Evaluation in den Sozial- und Humanwissenschaften},
   url = {http://link.springer.com/10.1007/978-3-642-41089-5},
   year = {2016},
}
@web_page{NetApp,
   title = {Datenmigration per Lift and Shift | NetApp},
   url = {https://www.netapp.com/de/knowledge-center/what-is-lift-and-shift/},
}
@report{Srivastava2018,
   author = {Priyanshu Srivastava and Rizwan Khan},
   issue = {6},
   journal = {International Journals of Advanced Research in Computer Science and Software Engineering},
   keywords = {Cloud,Cloud Computing,IaaS,PaaS,SaaS},
   pages = {2277-128},
   title = {A Review Paper on Cloud Computing},
   url = {www.ijarcsse.com,},
   year = {2018},
}
@article{Maenhaut2016,
   author = {Pieter Jan Maenhaut and Hendrik Moens and Veerle Ongenae and Filip De Turck},
   doi = {10.1002/spe.2320},
   issn = {1097024X},
   issue = {1},
   journal = {Software - Practice and Experience},
   keywords = {cloud computing,medical software,migration,multi-tenancy,software-as-a-service},
   month = {1},
   pages = {31-54},
   publisher = {John Wiley and Sons Ltd},
   title = {Migrating legacy software to the cloud: Approach and verification by means of two medical software use cases},
   volume = {46},
   year = {2016},
}
@web_page{CIO,
   title = {5 Ways to Migrate Applications to the Cloud - CIO Update},
   url = {https://cioupdate.com/5-ways-to-migrate-applications-to-the-cloud/},
}
@article{Borges2018,
   author = {Marcos Borges and Erick Barros and Paulo Henrique Maia},
   doi = {10.1016/j.infsof.2017.11.014},
   issn = {09505849},
   journal = {Information and Software Technology},
   keywords = {Cloud migration,Refactoring,Software evolution},
   month = {3},
   pages = {346-365},
   title = {Cloud restriction solver: A refactoring-based approach to migrate applications to the cloud},
   volume = {95},
   url = {https://linkinghub.elsevier.com/retrieve/pii/S0950584917301799},
   year = {2018},
}
@book{Surianarayanan2019,
   author = {Chellammal Surianarayanan and Pethuru Raj Chelliah},
   city = {Cham},
   doi = {10.1007/978-3-030-13134-0},
   isbn = {978-3-030-13133-3},
   publisher = {Springer International Publishing},
   title = {Essentials of Cloud Computing},
   url = {http://link.springer.com/10.1007/978-3-030-13134-0},
   year = {2019},
}
@book{Kollmann2020,
   author = {Tobias Kollmann},
   city = {Wiesbaden},
   doi = {10.1007/978-3-658-17291-6},
   editor = {Tobias Kollmann},
   isbn = {978-3-658-17290-9},
   publisher = {Springer Fachmedien Wiesbaden},
   title = {Handbuch Digitale Wirtschaft},
   url = {http://link.springer.com/10.1007/978-3-658-17291-6},
   year = {2020},
}
@report{Singh2019,
   author = {Sukhpal Singh Gill and Shreshth Tuli and Minxian Xu and Inderpreet Singh and Karan Vijay Singh and Dominic Lindsay and Shikhar Tuli and Daria Smirnova and Manmeet Singh and Udit Jain and Haris Pervaiz and Bhanu Sehgal and Sukhwinder Singh and Kaila 11 and Sanjay Misra and Mohammad Sadegh Aslanpour and Harshit Mehta and Vlado Stankovski and Peter Garraghan},
   keywords = {Artificial Intelligence,Blockchain,Cloud Applications,Cloud Computing,Cloud Paradigms and Technologies,IoT,Quality of Service},
   title = {Transformative Effects of IoT, Blockchain and Artificial Intelligence on Cloud Computing: Evolution, Vision, Trends and Open Challenges},
   year = {2019},
}
@article{Hellerstein2018,
   author = {Joseph M. Hellerstein and Jose Faleiro and Joseph E. Gonzalez and Johann Schleier-Smith and Vikram Sreekanti and Alexey Tumanov and Chenggang Wu},
   month = {12},
   title = {Serverless Computing: One Step Forward, Two Steps Back},
   url = {http://arxiv.org/abs/1812.03651},
   year = {2018},
}
@article{Zimmermann2017,
   author = {Olaf Zimmermann},
   doi = {10.1007/s00607-016-0520-y},
   issn = {0010485X},
   issue = {2},
   journal = {Computing},
   keywords = {Architectural decisions,Architectural patterns,Cloud computing,Knowledge management,Reengineering,Refactoring,Software evolution and Maintenance},
   month = {2},
   pages = {129-145},
   publisher = {Springer-Verlag Wien},
   title = {Architectural refactoring for the cloud: a decision-centric view on cloud migration},
   volume = {99},
   year = {2017},
}
@article{Gholami2016,
   author = {Mahdi Fahmideh Gholami and Farhad Daneshgar and Graham Low and Ghassan Beydoun},
   doi = {10.1016/j.jss.2016.06.068},
   issn = {01641212},
   journal = {Journal of Systems and Software},
   keywords = {Cloud computing,Cloud migration,Evaluation framework,Legacy application,Migration methodology,Process model},
   month = {10},
   pages = {31-69},
   publisher = {Elsevier Inc.},
   title = {Cloud migration process—A survey, evaluation framework, and open challenges},
   volume = {120},
   year = {2016},
}
@article{Weinhardt2009,
   author = {Christof Weinhardt and Wirt Arun Anandasivam and Benjamin Blau and Nikolay Borissov and Thomas Meinl and Wirt Wibke Michalk and Jochen Stößer},
   doi = {10.1007/s11576-009-0192-8},
   issn = {18670202},
   issue = {5},
   journal = {Business and Information Systems Engineering},
   keywords = {Business models,Cloud computing,Grid computing,Research directions},
   pages = {453-462},
   title = {Cloud-Computing-Eine abgrenzung, gescháftsmodelle und forschungsgebiete},
   volume = {51},
   year = {2009},
}
@inproceedings{Ahmed2019,
   author = {Monjur Ahmed and Navjot Singh},
   doi = {10.1145/3330482.3330528},
   isbn = {9781450361064},
   journal = {ACM International Conference Proceeding Series},
   keywords = {Cloud computing,Cloud computing feasibility,Cloud feasibility,Cloud migration,Cloud migration strategy},
   month = {4},
   pages = {160-163},
   publisher = {Association for Computing Machinery},
   title = {A framework for strategic cloud migration},
   year = {2019},
}
@book{Engelsrud2019,
   author = {Aaron Engelsrud},
   doi = {10.1007/978-1-4842-4546-0},
   journal = {Managing PeopleSoft on the Oracle Cloud},
   publisher = {Apress},
   title = {Managing PeopleSoft on the Oracle Cloud},
   year = {2019},
}
@book{Reinheimer2018,
   author = {Stefan Reinheimer},
   city = {Wiesbaden},
   doi = {10.1007/978-3-658-20967-4},
   editor = {Stefan Reinheimer},
   isbn = {978-3-658-20966-7},
   publisher = {Springer Fachmedien Wiesbaden},
   title = {Cloud Computing},
   url = {http://link.springer.com/10.1007/978-3-658-20967-4},
   year = {2018},
}
@book{Alpar2019,
   author = {Paul Alpar and Rainer Alt and Frank Bensberg and Peter Weimann},
   city = {Wiesbaden},
   doi = {10.1007/978-3-658-25581-7},
   isbn = {978-3-658-25580-0},
   publisher = {Springer Fachmedien Wiesbaden},
   title = {Anwendungsorientierte Wirtschaftsinformatik},
   url = {http://link.springer.com/10.1007/978-3-658-25581-7},
   year = {2019},
}
@book{Bortz2010,
   author = {Jürgen 1943-2007 Bortz and Christof 1963- Schuster},
   isbn = {9783642127694},
   title = {Statistik für Human- und Sozialwissenschaftler},
   year = {2010},
}
@article{Zhang2018,
   author = {Li Zhang and Jia Hao Tian and Jing Jiang and Yi Jun Liu and Meng Yuan Pu and Tao Yue},
   doi = {10.1007/s11390-018-1864-x},
   issn = {18604749},
   issue = {5},
   journal = {Journal of Computer Science and Technology},
   keywords = {empirical method,empirical software engineering,systematic mapping study},
   month = {9},
   pages = {876-899},
   publisher = {Springer New York LLC},
   title = {Empirical Research in Software Engineering — A Literature Survey},
   volume = {33},
   year = {2018},
}
@book{Shull2008,
   author = {Forrest Shull and Janice Singer and Dag I. K. Sjøberg},
   city = {London},
   doi = {10.1007/978-1-84800-044-5},
   editor = {Forrest Shull and Janice Singer and Dag I. K. Sjøberg},
   isbn = {978-1-84800-043-8},
   publisher = {Springer London},
   title = {Guide to Advanced Empirical Software Engineering},
   url = {http://link.springer.com/10.1007/978-1-84800-044-5},
   year = {2008},
}
@book{Dresch2015,
   author = {Aline Dresch and Daniel Pacheco Lacerda and José Antônio Valle Antunes Jr},
   city = {Cham},
   doi = {10.1007/978-3-319-07374-3},
   isbn = {978-3-319-07373-6},
   publisher = {Springer International Publishing},
   title = {Design Science Research},
   url = {http://link.springer.com/10.1007/978-3-319-07374-3},
   year = {2015},
}
@book{Wohlin2012,
   author = {Claes Wohlin and Per Runeson and Martin Höst and Magnus C. Ohlsson and Björn Regnell and Anders Wesslén},
   city = {Berlin, Heidelberg},
   doi = {10.1007/978-3-642-29044-2},
   isbn = {978-3-642-29043-5},
   publisher = {Springer Berlin Heidelberg},
   title = {Experimentation in Software Engineering},
   url = {http://link.springer.com/10.1007/978-3-642-29044-2},
   year = {2012},
}
@article{Stol2018,
   author = {Klaas Jan Stol and Brian Fitzgerald},
   doi = {10.1145/3241743},
   issn = {15577392},
   issue = {3},
   journal = {ACM Transactions on Software Engineering and Methodology},
   keywords = {Research methodology,Research strategy},
   month = {9},
   publisher = {Association for Computing Machinery},
   title = {The ABC of software engineering research},
   volume = {27},
   year = {2018},
}
@article{Wilde2007,
   author = {Thomas Wilde and Thomas Hess},
   doi = {10.1007/s11576-007-0064-z},
   issn = {0937-6429},
   issue = {4},
   journal = {WIRTSCHAFTSINFORMATIK},
   month = {8},
   pages = {280-287},
   title = {Forschungsmethoden der Wirtschaftsinformatik},
   volume = {49},
   year = {2007},
}
@article{Catro2019,
   author = {Paul Castro and Vatche Ishakian and Vinod Muthusamy and Aleksander Slominski},
   doi = {10.1145/3368454},
   issn = {0001-0782},
   issue = {12},
   journal = {Communications of the ACM},
   month = {11},
   pages = {44-54},
   publisher = {Association for Computing Machinery},
   title = {The rise of serverless computing},
   volume = {62},
   url = {https://dl.acm.org/doi/10.1145/3368454},
   year = {2019},
}
@article{Zhao2014,
   author = {Jun-Feng Zhao and Jian-Tao Zhou},
   doi = {10.1007/s11633-014-0776-7},
   issn = {1476-8186},
   issue = {2},
   journal = {International Journal of Automation and Computing},
   keywords = {Migration,cloud,infrastructure as a service (IaaS),legacy system,platform as a service (PaaS),software as a service (SaaS)},
   month = {4},
   pages = {143-152},
   publisher = {Chinese Academy of Sciences},
   title = {Strategies and Methods for Cloud Migration},
   volume = {11},
   url = {http://link.springer.com/10.1007/s11633-014-0776-7},
   year = {2014},
}
@article{Nkenyereye2020,
   author = {Lionel Nkenyereye and Lewis Nkenyereye and Bayu Adhi Tama and Alavalapati Goutham Reddy and Jaeseung Song},
   doi = {10.3390/s20041092},
   issn = {14248220},
   issue = {4},
   journal = {Sensors (Switzerland)},
   keywords = {Cloud computing,Cloud-based vehicular network,Multi-access edge cloud,Software-defined vehicular cloud network,Vehicular cloud,Virtual Machine migration,Virtualization},
   month = {2},
   pmid = {32079352},
   publisher = {MDPI AG},
   title = {Software-defined vehicular cloud networks: Architecture, applications and virtual machine migration},
   volume = {20},
   year = {2020},
}
@article{Heidari2022,
   author = {Arash Heidari and Nima Jafari Navimipour},
   doi = {10.1108/K-12-2020-0909},
   issn = {0368492X},
   issue = {3},
   journal = {Kybernetes},
   keywords = {Cloud computing,Cloud discovery,Networking,Service,Service discovery},
   month = {2},
   pages = {952-981},
   publisher = {Emerald Group Holdings Ltd.},
   title = {Service discovery mechanisms in cloud computing: a comprehensive and systematic literature review},
   volume = {51},
   year = {2022},
}
@article{Amin2021,
   author = {Ruhul Amin and Siddhartha Vadlamudi and Md Mahbubur Rahaman},
   issn = {2409-3629},
   issue = {1},
   journal = {Engineering International},
   keywords = {Data migration,cloud,cloud computing,enterprise systems},
   title = {Opportunities and Challenges of Data Migration in Cloud},
   volume = {9},
   year = {2021},
}
@article{Dragoni2017,
   author = {Nicola Dragoni and Ivan Lanese and Stephan Thordal Larsen and Manuel Mazzara and Ruslan Mustafin and Larisa Safina},
   month = {2},
   title = {Microservices: How To Make Your Application Scale},
   url = {http://arxiv.org/abs/1702.07149},
   year = {2017},
}
@inproceedings{Carrasco2018,
   author = {Andrés Carrasco and Brent Van Bladel and Serge Demeyer},
   doi = {10.1145/3242163.3242164},
   isbn = {9781450359740},
   journal = {IWoR 2018 - Proceedings of the 2nd International Workshop on Refactoring, co-located with ASE 2018},
   keywords = {Architecture Smells,Literature Study,MicroServices,Migration Smells},
   month = {9},
   pages = {1-6},
   publisher = {Association for Computing Machinery, Inc},
   title = {Migrating towards microservices: Migration and architecture smells},
   year = {2018},
}
@inproceedings{Ren2018,
   author = {Zhongshan Ren and Wei Wang and Guoquan Wu and Chushu Gao and Wei Chen and Jun Wei and Tao Huang},
   doi = {10.1145/3275219.3275230},
   isbn = {9781450365901},
   journal = {ACM International Conference Proceeding Series},
   keywords = {Application migration,Function clustering,Microservices,Monolithic application},
   month = {9},
   publisher = {Association for Computing Machinery},
   title = {Migrating web applications from monolithic structure to microservices architecture},
   year = {2018},
}
@inproceedings{Kazanavicius2019,
   author = {Justas Kazanavicius and Dalius Mazeika},
   doi = {10.1109/eStream.2019.8732170},
   isbn = {978-1-7281-2499-5},
   journal = {2019 Open Conference of Electrical, Electronic and Information Sciences (eStream)},
   month = {4},
   pages = {1-5},
   publisher = {IEEE},
   title = {Migrating Legacy Software to Microservices Architecture},
   url = {https://ieeexplore.ieee.org/document/8732170/},
   year = {2019},
}
@book{Frank2019,
   author = {Roland Frank and Gregor Schumacher and Andreas Tamm},
   doi = {10.1007/978-3-658-27325-5},
   journal = {Cloud-Transformation},
   publisher = {Springer Fachmedien Wiesbaden},
   title = {Cloud-Transformation},
   year = {2019},
}
@article{Rai2015,
   author = {Rashmi Rai and Gadadhar Sahoo and Shabana Mehfuz},
   doi = {10.1186/s40064-015-0962-2},
   issn = {21931801},
   issue = {1},
   journal = {SpringerPlus},
   keywords = {Cloud migration,Legacy-to-cloud migration,Secure migration,Systematic literature review},
   month = {12},
   pages = {1-12},
   publisher = {SpringerOpen},
   title = {Exploring the factors influencing the cloud computing adoption: a systematic study on cloud migration},
   volume = {4},
   year = {2015},
}
@book{Oswald2018,
   author = {Gerhard Oswald Helmut Krcmar Hrsg},
   city = {Wiesbaden},
   doi = {10.1007/978-3-658-22624-4},
   editor = {Gerhard Oswald and Helmut Krcmar},
   isbn = {978-3-658-22623-7},
   publisher = {Springer Fachmedien Wiesbaden},
   title = {Digitale Transformation},
   url = {http://link.springer.com/10.1007/978-3-658-22624-4},
   year = {2018},
}
@report{Yigit2022,
   author = {Gorkem Yigit and Caroline Chappell and Ameer Gaili},
   title = {Cloud Transformation Benchmark: CSPs’ cloud-native progress and best practices},
   url = {https://www.analysysmason.com/contentassets/f218471387584fe3a6bc2ff7fe0c9d85/analysys_mason_cloud_transformation_benchmark_sample_mar2022_rma16.pdf},
   year = {2022},
}
@inproceedings{Young2021,
   author = {Jung Ji Young and Shin Hee Kyoung and Minwoo Park and Yongtae Shin},
   doi = {10.1109/SNPDWinter52325.2021.00027},
   isbn = {9780738125510},
   journal = {Proceedings - 2021 21st ACIS International Semi-Virtual Winter Conference on Software Engineering, Artificial Intelligence, Networking and Parallel/Distributed Computing, SNPD-Winter 2021},
   keywords = {Cloud Computing,Cost benefit,ISO25010,ROI,Security},
   month = {1},
   pages = {90-95},
   publisher = {Institute of Electrical and Electronics Engineers Inc.},
   title = {Cloud Computing Transformation ∗: Considering Adoption of Mixed Security},
   year = {2021},
}
@inproceedings{Salman2020,
   author = {Shaik Mohammed Salman and Alessandro Vittorio Papadopoulos and Saad Mubeen and Thomas Nolte},
   doi = {10.1109/ISORC49007.2020.00041},
   isbn = {9781728169583},
   journal = {Proceedings - 2020 IEEE 23rd International Symposium on Real-Time Distributed Computing, ISORC 2020},
   keywords = {Multi-core,Real-Time systems,Robotics,Software architecture,Software migration},
   month = {5},
   pages = {192-200},
   publisher = {Institute of Electrical and Electronics Engineers Inc.},
   title = {A systematic migration methodology for complex real-Time software systems},
   year = {2020},
}
@book{Hu2019,
   author = {Yu-Chen Hu and Shailesh Tiwari and Krishn K Mishra and Munesh C Trivedi},
   city = {Singapore},
   doi = {10.1007/978-981-13-5934-7},
   editor = {Yu-Chen Hu and Shailesh Tiwari and Krishn K. Mishra and Munesh C. Trivedi},
   isbn = {978-981-13-5933-0},
   publisher = {Springer Singapore},
   title = {Ambient Communications and Computer Systems},
   volume = {904},
   url = {http://link.springer.com/10.1007/978-981-13-5934-7},
   year = {2019},
}
@article{Kathuria2018,
   author = {Abhishek Kathuria and Arti Mann and Jiban Khuntia and Terence J.V. Saldanha and Robert J. Kauffman},
   doi = {10.1080/07421222.2018.1481635},
   issn = {1557928X},
   issue = {3},
   journal = {Journal of Management Information Systems},
   keywords = {IT services,IT strategy,and phrases: Cloud computing,firm capabilities,operand and operant resources,organizational management,resource-based view,strategic value appropriation path,synchronization,technology implementation},
   month = {7},
   pages = {740-775},
   publisher = {Routledge},
   title = {A Strategic Value Appropriation Path for Cloud Computing},
   volume = {35},
   year = {2018},
}
@article{Rana2018,
   author = {Muhammad Ehsan Rana and Wan Nurhayati Wan Ab Rahman},
   doi = {10.1166/asl.2018.11142},
   issn = {1936-6612},
   issue = {3},
   journal = {Advanced Science Letters},
   month = {3},
   pages = {1708-1711},
   publisher = {American Scientific Publishers},
   title = {A Review of Cloud Migration Techniques and Models for Legacy Applications: Key Considerations and Potential Concerns},
   volume = {24},
   year = {2018},
}
@report{Fahmideha,
   author = {Mahdi Fahmideha and Farhad Daneshgarb and Fethi Rabhic and Ghassan Beydound},
   keywords = {cloud computing,cloud migration,legacy systems,metamodel,process model},
   title = {A generic cloud migration process model},
}
@report{Pahl,
   author = {Claus Pahl and Huanhuan Xiong and Ray Walshe},
   keywords = {Cloud Architecture,Cloud Migration,Cloud Migration Processes,On-premise to Cloud},
   title = {A Comparison of On-premise to Cloud Migration Approaches},
   url = {http://www.ic4.ie/},
}
@article{Yoo2018,
   author = {Seok Keun Yoo and Bo Young Kim},
   doi = {10.3390/su10082952},
   issn = {20711050},
   issue = {8},
   journal = {Sustainability (Switzerland)},
   keywords = {Analytic hierarchy process,Big data,Cloud computing,Decision-making,Digital transformation,System adoption},
   month = {8},
   publisher = {MDPI},
   title = {A decision-making model for adopting a cloud computing system},
   volume = {10},
   year = {2018},
}
@generic{Ramalingam2021,
   author = {Chithambaramani Ramalingam and Prakash Mohan},
   doi = {10.3390/sym13020317},
   issn = {20738994},
   issue = {2},
   journal = {Symmetry},
   keywords = {Cloud interoperability and portability,Infrastructure as a service (IaaS),Platform as a service (PaaS),Software as a service (SaaS)},
   month = {2},
   pages = {1-18},
   publisher = {MDPI AG},
   title = {Addressing semantics standards for cloud portability and interoperability in multi cloud environment},
   volume = {13},
   year = {2021},
}
@report{Mell2011,
   author = {P M Mell and T Grance},
   city = {Gaithersburg, MD},
   doi = {10.6028/NIST.SP.800-145},
   institution = {National Institute of Standards and Technology},
   title = {The NIST definition of cloud computing},
   url = {https://nvlpubs.nist.gov/nistpubs/Legacy/SP/nistspecialpublication800-145.pdf},
   year = {2011},
}